<?xml version="1.0" encoding="UTF-8"?><record xmlns="http://www.loc.gov/MARC21/slim" xmlns:cinclude="http://apache.org/cocoon/include/1.0" xmlns:zs="http://www.loc.gov/zing/srw/">
  <leader>01014nz  a2200205n  4500</leader>
  <controlfield tag="001">no2012124533</controlfield>
  <controlfield tag="003">DLC</controlfield>
  <controlfield tag="005">20120920100051.0</controlfield>
  <controlfield tag="008">120918n| azannaabn          |b ana     c</controlfield>
  <datafield tag="010" ind1=" " ind2=" ">
    <subfield code="a">no2012124533</subfield>
  </datafield>
  <datafield tag="035" ind1=" " ind2=" ">
    <subfield code="a">(OCoLC)oca09304011</subfield>
  </datafield>
  <datafield tag="040" ind1=" " ind2=" ">
    <subfield code="a">NNC</subfield>
    <subfield code="b">eng</subfield>
    <subfield code="e">rda</subfield>
    <subfield code="c">NNC</subfield>
  </datafield>
  <datafield tag="046" ind1=" " ind2=" ">
    <subfield code="s">20101111</subfield>
    <subfield code="t">20101112</subfield>
  </datafield>
  <datafield tag="111" ind1="2" ind2=" ">
    <subfield code="a">Nauchnai︠a︡ konferent︠s︡ii︠a︡ "Imperatorskai︠a︡ Gatchina"</subfield>
    <subfield code="n">(8th :</subfield>
    <subfield code="d">2010 :</subfield>
    <subfield code="c">Gatchina, Russia?)</subfield>
  </datafield>
  <datafield tag="368" ind1=" " ind2=" ">
    <subfield code="a">Conference</subfield>
  </datafield>
  <datafield tag="370" ind1=" " ind2=" ">
    <subfield code="e">Gatchina, Russia</subfield>
  </datafield>
  <datafield tag="377" ind1=" " ind2=" ">
    <subfield code="a">rus</subfield>
  </datafield>
  <datafield tag="411" ind1="2" ind2=" ">
    <subfield code="a">Научная конференция "Императорская Гатчина"</subfield>
    <subfield code="n">(8th :</subfield>
    <subfield code="d">2010 :</subfield>
    <subfield code="c">Gatchina, Russia?)</subfield>
  </datafield>
  <datafield tag="667" ind1=" " ind2=" ">
    <subfield code="a">Non-Latin script reference not evaluated.</subfield>
  </datafield>
  <datafield tag="670" ind1=" " ind2=" ">
    <subfield code="a">Pod vysochaĭshim pokrovitelʹstvom, 2010:</subfield>
    <subfield code="b">title page verso (... VIII научной конференции из цикла "Императорская Гатчина" = ... VIII nauchnoĭ konferent︠s︡ii iz t︠s︡ikla "Imperatorskai︠a︡ Gatchina"; conference held November 11-12, 2010; held in Gatchina?)</subfield>
  </datafield>
</record>